@inproceedings{eyjolfsdottir2014detecting,
  title={Detecting social actions of fruit flies},
  author={Eyjolfsdottir, Eyrun and Branson, Steve and Burgos-Artizzu, Xavier P and Hoopfer, Eric D and Schor, Jonathan and Anderson, David J and Perona, Pietro},
  booktitle={European Conference on Computer Vision},
  pages={772--787},
  year={2014},
  organization={Springer}
}